@article{Amhis:2016xyh,
      author         = "Amhis, Y. and others",
      title          = "{Averages of $b$-hadron, $c$-hadron, and $\tau$-lepton
                        properties as of summer 2016}",
      collaboration  = "HFLAV",
      journal        = "Eur. Phys. J.",
      volume         = "C77",
      year           = "2017",
      eprint         = "1612.07233",
      archivePrefix  = "arXiv"
}

@article{Ronga:2006hv,
      author         = "Ronga, F. J. and others",
      title          = "{Measurements of $CP$ violation in $B^0 \to D^{*-} \pi^{+}$ and $B^0 \to D^{-} \pi^{+}$ decays}",
      collaboration  = "Belle",
      journal        = "Phys. Rev.",
      volume         = "D73",
      year           = "2006",
      eprint         = "hep-ex/0604013",
      archivePrefix  = "arXiv"
}

@article{Aubert:2006tw,
      author         = "Aubert, Bernard and others",
      title          = "{Measurement of time-dependent $CP$ asymmetries in $B^0 \to D^{(*)\pm}\pi^\mp$ and $B^0 \to D^\pm \rho^\mp$ decays}",
      collaboration  = "BaBar",
      journal        = "Phys. Rev.",
      volume         = "D73",
      year           = "2006",
      eprint         = "hep-ex/0602049",
      archivePrefix  = "arXiv"
}
